@article{Lenstra87,
    author = {Lenstra, Hendrik W.},
    booktitle = {The Annals of Mathematics},
    citeulike-article-id = {3475408},
    journal = {The Annals of Mathematics},
    month = nov,
    number = {3},
    pages = {649--673},
    posted-at = {2008-11-03 15:52:54},
    priority = {2},
    title = {{Factoring integers with elliptic curves}},
    volume = {126},
    year = {1987}
}

@article{Silverman93,
  title={A practical analysis of the elliptic curve factoring algorithm},
  author={Silverman, Robert D and Wagstaff, Samuel S},
  journal={Mathematics of Computation},
  volume={61},
  number={203},
  pages={445--462},
  year={1993}
}

@misc{Fredriksson15,
    author = "{Fredriksson, B.}",
    title = {{Elliptic Curve Cryptography}},
    howpublished = {\url{http://git.io/v4t7R}},
    note = {Online; accessed \today},
    year=2015,
}

@misc{barnes,
    author = "{Barnes, Connelly}",
    title = {{Integer Factorization Algorithms}},
    howpublished = {\url{http://www.connellybarnes.com/documents/factoring.pdf}},
    note = {Online; accessed \today},
    year=2004,
}

@misc{237865,
    author = "{Math Overflow}",
    title = {{Show that floating point $\sqrt{x^2} \ge x$ for all long $x$.}},
    howpublished = {\url{https://math.stackexchange.com/questions/237865/}},
    note = {Online; accessed \today},
    year=2004,
}

@misc{wiki_shanks,
    author = "{Wikipedia}",
    title = {{Shank's square forms factorization}},
    howpublished = {https://en.wikipedia.org/wiki/Shanks%27_square_forms_factorization}},
    note = {Online; accessed \today},
    year=2015,
}